% 参考文献
@Book{吉田2006,
  author =       {吉田朋広},
  title =        {数理統計学},
  date =         {2006},
  publisher = {朝倉書店},
  location =  {東京},
  abstract =  {概要},
  annotation = {吉田先生のかっちりした本}
}

@Book{竹内1963,
  author =       {竹内啓},
  title =        {数理統計学},
  date =         {1963},
  publisher = {東洋経済},
  location =  {東京},
  abstract =  {概要},
  annotation = {若き竹内先生の名著}
}

@Book{杉浦1980,
  author =       {杉浦光夫},
  title =        {解析入門I},
  date =         {1980},
  publisher = {東京大学出版会},
  location =  {東京},
  abstract =  {概要},
  annotation = {解析学入門の定番}
}

@Book{杉浦1985,
  author =       {杉浦光夫},
  title =        {解析入門II},
  date =         {1985},
  publisher = {東京大学出版会},
  location =  {東京},
  abstract =  {概要},
  annotation = {解析学入門の定番続編}
}

@Book{田中2006,
  author =       {田中勝人},
  title =        {現代時系列分析},
  date =         {2006},
  publisher = {岩波書店},
  location =  {東京},
  abstract =  {概要},
  annotation = {田中先生の定番}
}

@Book{Wasserman2004,
  author =       {Wasserman, Larry},
  title =        {All of Statistics},
  date =         {2004},
  publisher = {Springer},
  location =  {New York},
  abstract =  {概要},
  annotation = {英語の定番本の一つ}
}

@Book{Billingsley1999,
  author =       {Billingsley, Patrick},
  title =        {Convergence of probability meausres},
  edition = 	 {2nd},
  date =         1999,
  publisher = {Wiley},
  location =  {New York},
  abstract =  {概要},
  annotation = {英語の定番本の一つ}
}

@Book{HornJohnson1990,
  author =       {Horn, Roger A. and Johnson, Charles R.},
  title =        {Matrix Analysis},
  date =         1990,
  publisher = {Cambridge University Press},
  location =  {Cambridge},
  abstract =  {概要},
  annotation = {英語の定番本の一つ}
}

@Book{Hastie_etal2009,
  author =       {Hastie, Trevor and Tibshirani, Robert and Friedman, Jerome},
  title =        {The Elements of Statistical Learning},
  date =         2009,
  publisher = {Springer},
  location =  {New York},
  abstract =  {概要},
  annotation = {英語の定番本の一つ}
}


